<?xml version="1.0" encoding="UTF-8"?><collection xmlns="http://www.loc.gov/MARC21/slim"><record><leader>00583nam--2200193-i-4500</leader><controlfield tag="001">000020173</controlfield><controlfield tag="002">20161230</controlfield><controlfield tag="005">20161230201033</controlfield><controlfield tag="008">060222s1000------------r-----000-0-eng-d</controlfield><datafield ind1=" " ind2=" " tag="020"><subfield code="a">0250402076</subfield></datafield><datafield ind1=" " ind2=" " tag="040"><subfield code="a">IFIN-HH</subfield></datafield><datafield ind1=" " ind2=" " tag="080"><subfield code="a">537.525.3</subfield></datafield><datafield ind1="1" ind2=" " tag="100"><subfield code="a">Ouellette, Robert P</subfield></datafield><datafield ind1="1" ind2="0" tag="245"><subfield code="a">Electrotechnology</subfield><subfield code="b">Volume 2. applications in manufacturing</subfield><subfield code="c">Robert p. ouellette; fred ellerbusch; paul n. cheremisinoff (eds.)</subfield></datafield><datafield ind1=" " ind2=" " tag="260"><subfield code="a">Michigan</subfield><subfield code="b">Ann Arbor Science</subfield><subfield code="c">1980</subfield></datafield><datafield ind1=" " ind2=" " tag="300"><subfield code="a">495P</subfield></datafield><datafield ind1="1" ind2=" " tag="700"><subfield code="a">Cheremisinoff, Paul N</subfield></datafield><datafield ind1=" " ind2=" " tag="852"><subfield code="a">49036</subfield><subfield code="c">537:538</subfield></datafield><datafield ind1=" " ind2=" " tag="CAT"><subfield code="a">Sys</subfield><subfield code="c">20110624</subfield><subfield code="h">121940</subfield></datafield></record></collection>